<?xml version="1.0" encoding="utf-8"?>
<record xmlns="http://www.loc.gov/MARC21/slim" xmlns:xsi="http://www.w3.org/2001/XMLSchema-instance" xsi:schemaLocation="http://www.loc.gov/MARC21/slim http://www.loc.gov/standards/marcxml/schema/MARC21slim.xsd">
	<leader>     nam a22     Mi 4500</leader>
	<controlfield tag="001">3076567</controlfield>
	<controlfield tag="003">NNC</controlfield>
	<controlfield tag="006">m        d        </controlfield>
	<controlfield tag="007">cr cn |||m|||a</controlfield>
	<controlfield tag="008">181206s1935    ua      o     000 0 ara d</controlfield>
	<datafield ind1=" " ind2=" " tag="040">
		<subfield code="a">ZYU</subfield>
		<subfield code="b">ara</subfield>
		<subfield code="e">rda</subfield>
		<subfield code="c">ZYU</subfield>
	</datafield>
	<datafield ind1=" " ind2="4" tag="050">
		<subfield code="a">BP130.4</subfield>
		<subfield code="b">.Z36 1935</subfield>
	</datafield>
	<datafield ind1="1" ind2=" " tag="100">
		<subfield code="6">880-01</subfield>
		<subfield code="a">Zamakhsharī, Maḥmūd ibn ʻUmar,</subfield>
		<subfield code="d">1075-1144.</subfield>
	</datafield>
	<datafield ind1="1" ind2="3" tag="245">
		<subfield code="6">880-02</subfield>
		<subfield code="a">al-Kashshāf ʻan ḥaqāʼiq ghawāmiḍ al-tanzīl wa-ʻuyūn al-aqāwīl fī wujūh al-taʼwīl :</subfield>
		<subfield code="b">wa huwa tafsīr al-Qurʼan al-Karīm /</subfield>
		<subfield code="c">li-Maḥmūd ibn ʻUmar al-Zamakhsharī. Wa-bi-dhaylih kitābān al-awwal kitāb al-intiṣāf li-Nāṣir al-Dīn Aḥmad ibn Muḥammad ibn al-Munīr al-Iskandarī al-Mālikī ; al-thānīḤāshīyat Muḥammad ʻAlyān al-Marzūqī al-Shāfiʻī [wa] bi-aʻlá al-ṣafaḥah al-Qurʼān al-karīm.</subfield>
	</datafield>
	<datafield ind1=" " ind2=" " tag="260">
		<subfield code="6">880-03</subfield>
		<subfield code="a">Miṣr :</subfield>
		<subfield code="b">al-Maktabah al-Tijārīyah a-Kubrá,</subfield>
		<subfield code="c">1354 </subfield>
	</datafield>
	<datafield ind1=" " ind2=" " tag="300">
		<subfield code="a">online resource (4 volumes)</subfield>
	</datafield>
	<datafield ind1=" " ind2=" " tag="336">
		<subfield code="a">text</subfield>
		<subfield code="2">rdacontent</subfield>
	</datafield>
	<datafield ind1=" " ind2=" " tag="337">
		<subfield code="a">computer</subfield>
		<subfield code="2">rdamedia</subfield>
	</datafield>
	<datafield ind1=" " ind2=" " tag="338">
		<subfield code="a">online resource</subfield>
		<subfield code="2">rdacarrier</subfield>
	</datafield>
	<datafield ind1=" " ind2=" " tag="500">
		<subfield code="a">Commentary on the Koran.</subfield>
	</datafield>
	<datafield ind1=" " ind2=" " tag="500">
		<subfield code="a">Part of the Arabic Collections Online (ACO) project, contributed by Columbia University Libraries.</subfield>
	</datafield>
	<datafield ind1=" " ind2=" " tag="533">
		<subfield code="a">Electronic reproduction.</subfield>
		<subfield code="b">New York, N.Y. :</subfield>
		<subfield code="c">New York University,</subfield>
		<subfield code="d">2018.</subfield>
		<subfield code="5">NNU</subfield>
	</datafield>
	<datafield ind1="0" ind2="0" tag="630">
		<subfield code="a">Qurʼan</subfield>
		<subfield code="x">Commentaries.</subfield>
	</datafield>
	<datafield ind1="2" ind2=" " tag="710">
		<subfield code="a">Columbia University.</subfield>
		<subfield code="b">Libraries.</subfield>
	</datafield>
	<datafield ind1="0" ind2=" " tag="730">
		<subfield code="a">Arabic Collections Online.</subfield>
	</datafield>
	<datafield ind1="0" ind2="8" tag="776">
		<subfield code="i">Print version:</subfield>
		<subfield code="a">Zamakhsharī, Maḥmūd ibn ʻUmar, 1075-1144.</subfield>
		<subfield code="t">al-Kashshāf ʻan ḥaqāʼiq ghawāmiḍ al-tanzīl wa-ʻuyūn al-aqāwīl fī wujūh al-taʼwīl</subfield>
		<subfield code="w">(NNC)3076567</subfield>
		<subfield code="w">(OCoLC)47860403</subfield>
	</datafield>
	<datafield ind1="4" ind2="0" tag="856">
		<subfield code="u">http://hdl.handle.net/2333.1/d7wm3g1q</subfield>
	</datafield>
	<datafield ind1="1" ind2=" " tag="880">
		<subfield code="6">100-01</subfield>
		<subfield code="a">زمخشري، محمود بن عمر،</subfield>
		<subfield code="d">1075-1144.</subfield>
	</datafield>
	<datafield ind1="1" ind2="2" tag="880">
		<subfield code="6">245-02</subfield>
		<subfield code="a">الكشاف عن حقائق غوامض التنزيل وعيون الاقاويل في وجوه التأويل :</subfield>
		<subfield code="b">و هو تفسير القرآن الكريم /</subfield>
		<subfield code="c">لمحمود بن عمر الزمخشري. وبذيله كتابان الاول كتاب الانتصاف لناصر الدين احمد بن محمد بن المنير الاسكندري المالي ؛ الثاني حاشية محمد عليان المرزوقي الشافعي [و] باعلى الصفحة القرآن الكريم.</subfield>
	</datafield>
	<datafield ind1=" " ind2=" " tag="880">
		<subfield code="6">260-03</subfield>
		<subfield code="a">مصر :</subfield>
		<subfield code="b">المكتبة التجارية اكبرى،</subfield>
		<subfield code="c">1354 </subfield>
	</datafield>
	<datafield ind1=" " ind2=" " tag="959">
		<subfield code="a">NNU</subfield>
		<subfield code="b">WEB</subfield>
		<subfield code="c">GENI</subfield>
		<subfield code="t">0</subfield>
		<subfield code="m">Electronic access</subfield>
		<subfield code="s">01</subfield>
	</datafield>
	<datafield ind1=" " ind2=" " tag="999">
		<subfield code="i">NNC_3076567</subfield>
		<subfield code="o">(OCoLC)ocm47860403</subfield>
		<subfield code="s">columbia_aco003337:v.2</subfield>
		<subfield code="s">columbia_aco003338:v.3</subfield>
		<subfield code="s">columbia_aco003339:v.4</subfield>
		<subfield code="e">(ERROR-880)(ERROR-MISC)</subfield>
		<subfield code="s">columbia_aco003337:v.2</subfield>
		<subfield code="s">columbia_aco003338:v.3</subfield>
		<subfield code="s">columbia_aco003339:v.4</subfield>
	</datafield>
</record>
